@INPROCEEDINGS{APFC17,
 AUTHOR  = "P.-E. Angeli and M.-A. Puscas and G. Fauchet and A. Cartalade", TITLE   = "{FVCA8 benchmark for the Stokes and Navier-Stokes equations with the TrioCFD code}",
 BOOKTITLE	= "{Finite Volumes for Complex Applications VIII - Methods and Theoretical Aspects}",
 EDITOR="{C. Canc\`es and P. Omnes}",
 PUBLISHER="Springer Proceedings in Mathematics \& Statistics",
VOLUME = "199",
PAGES ="181-302",
 YEAR    = "2017"
 }
%------------------------------------%
@ARTICLE{BaSt06,
 AUTHOR  = "A. Baran and G. Stoyan", 
  TITLE   = "{Crouzeix-Velte Decompositions for Higher-Order Finite Elements}",
   JOURNAL = "CAMWA",
   VOLUME = "51",
   PAGES="967-986",
 YEAR    = "2006"
 }
%------------------------------------%
@ARTICLE{BeHe00,
 AUTHOR  = "C. Bernardi and F. Hecht",
 TITLE   = "{More pressure in the finite element discretization of the Stokes problem}",
 JOURNAL = "ESAIM: M2AN",
 YEAR    = "2000",
 VOLUME  = "34",
 NUMBER  = "5",
 PAGES   = "953--980"
}
%------------------------------------%
@BOOK{BoBF13,
 AUTHOR      = "D. Boffi and F. Brezzi and M. Fortin",
 TITLE       = "Mixed and hybrid finite element methods and applications",
 YEAR        = "2013",
 PUBLISHER   = "Springer-Verlag"}
%------------------------------------%
@ARTICLE{Chor68,
 AUTHOR  = "A. J. Chorin",
 TITLE   = "{Numerical Solution of the Navier-Stokes Equations}",
 JOURNAL = "Math. Comp.",
 YEAR    = "1968",
 VOLUME  = "22",
 NUMBER  = "104",
 PAGES   = "745--762"
}
%------------------------------------%
@ARTICLE{CrRa73,
 AUTHOR  = "M. Crouzeix and P.-A. Raviart",
 TITLE   = "{Conforming and nonconforming finite element methods for solving the stationary Stokes equations}",
 JOURNAL = "RAIRO, S\'er. Anal. Numer.",
 YEAR    = "1977",
 VOLUME  = "33"
}
%------------------------------------%
@BOOK{DaLi88,
AUTHOR="R. Dautray and J.-L. Lions",
TITLE="{Analyse math\'ematique et calcul num\'erique pour les sciences et les techniques}",
PUBLISHER="Masson",
ADDRESS="Paris",
YEAR="1988"
}
%------------------------------------%
@BOOK{ElSW05,
AUTHOR="H. Elman and D. Silvester and A. Wathen",
TITLE="{Finite Elements and Fast Iterative Solvers with Applications in Incompressible Fluid Dynamics}",
PUBLISHER="Oxford university Press",
YEAR="2005"
}
%------------------------------------%
@PHDTHESIS{Emon92,
AUTHOR="Ph. Emonot",
TITLE="{M\'ethode de volumes \'elements finis~: applications aux \'equations de Navier-Stokes et r\'esultats de convergence}",
SCHOOL="{Universit\'e Claude Bernard -- Lyon I}",
YEAR="1992"
}
%------------------------------------%
@PHDTHESIS{Fort06,
AUTHOR="T. Fortin",
TITLE="{Une m\'ethode \'elements finis \`a d\'ecompositoin $L^2$ d'ordre \'elev\'e motiv\'ee par la simulation d'\'ecoulement diphasique bas Mach}",
SCHOOL="Universit\'e Pierre et Marie Curie -- Paris VI",
YEAR="2006"
}
%------------------------------------%
@BOOK{GiRa86,
 AUTHOR      = "V. Girault and P.-A. Raviart",
 TITLE       = "{Finite element methods for Navier-Stokes equations}",
 YEAR        = "1986",
 PUBLISHER   = "Springer-Verlag"
 }
%------------------------------------%
@PHDTHESIS{Heib03,
AUTHOR="S. Heib",
TITLE="{Nouvelles discr\'etisations non structu\'ees pour des \'ecoulements de fluides \`a incompressibilit\'e renforc\'ee}",
SCHOOL="Universit\'e Paris 6",
YEAR="2003"
}
%------------------------------------%
@ARTICLE{Link14,
 AUTHOR  = "A. Linke",
 TITLE   = "{On the Role of the Helmholtz-Decomposition in Mixed Methods for Incompressible Flows and a New Variational Crime}",
 JOURNAL = "Comput. Methods Appl. Mech. Engrg.",
 NUMBER  = "268",
 PAGES   = "782--800",
 YEAR    = "2014"
}
%------------------------------------%
@ARTICLE{LiMW17,
AUTHOR  = "A. Linke and C. Merdon and W. Wollner",
 TITLE   = "{Optimal L2 velocity error estimate for a modified pressure-robust Crouzeix-Raviart Stokes element}", 
 JOURNAL = "IMA Journal of Numerical Analysis", 
 VOLUME = 37,
 NUMBER =1,
 PAGES  = "354--374",
 YEAR = "2017"
}
%------------------------------------%
@ARTICLE{JJLR13,
AUTHOR="E. W. Jenkins and V. John and A. Linke and L. G. Rebholz",
 TITLE = "{On the parameter choice in grad-div stabilization for the Stokes equations}",
 JOURNAL = "Advances in Computational Mathematics",
 VOLUME ="40",
 NUMBER ="2",
 PAGES  = "491-516",
 YEAR = "2013"
}
%------------------------------------%
@ARTICLE{JKMN17,
AUTHOR = "V. John and A. Linke and C. Merdon and M. Neilan and L. Rebholz",
 TITLE = "{On the divergence constraint in mixed finite element methods for incompressible flows}", 
 JOURNAL = "SIAM Review", 
 VOLUME = 59,
 NUMBER =3,
 PAGES  = "492--544",
 YEAR = "2017"
 }
%------------------------------------%
@INPROCEEDINGS{RaTh77,
 AUTHOR    = "P.-A. Raviart and J.-M. Thomas",
 TITLE     = "{A mixed finite element method for second order elliptic problems}", 
 BOOKTITLE = "Mathematical aspects of finite element methods",
 YEAR      = "1977",
 SERIES    = "{Lecture Notes in Mathematics}",
 VOLUME    = "606",
 PAGES     = "292-315",
 PUBLISHER = "Springer"
}
%------------------------------------%
@ARTICLE{Nede80,
 AUTHOR  = "J.-C. {N\'ed\'elec}",
 TITLE   = "{Mixed finite elements in $\R^3$}",
 JOURNAL = "Numer. Math.",
 YEAR    = "1980",
 VOLUME  = "35",
 PAGES   = "315-341"
}
%------------------------------------%
@ARTICLE{Tema68,
 AUTHOR  = "R. Temam",
 TITLE   = "{Une m\'ethode d'approximation de la solution des \'equations de Navier-Stokes}",
 JOURNAL = "S. M. F",
 YEAR    = "1968",
 VOLUME  = "96",
 PAGES   = "115--152"
}