@String{ arfm   = "Annual Reviews of Fluid Mechanics"}
@String{ jfm    = "Journal of Fluid Mechanics"}
@String{ ijhmt  = "International Journal of Heat and Mass Transfer"}
@string{ pf     = "Physics of Fluid"}
@string{ ijhff  = "International Journal of Heat and Fluid Flow"}
@string{ jpp    = "Journal of Propulsion and Power"}
@string{ jht    = "Journal of Heat Transfer"}
@String{ jcp    = "Journal of Computational Physics"}
@String{ ned	= "Nucl. Eng. Des."}
@String{ jnsct	= "Journal of NUCLEAR SCIENCE and TECHNOLOGY"}
@String{ hte	= "Heat Transfer Engineering"}
@String{ cfd	= "Computational Fluid Dynamics"}
@String{ comput = "Comput. Methods Appl. Mech. Engrg"}
@String{ App-Math-Comp = "Applied Mathematics and Computation"}

%Article{,
%  author = "",
%  title = "",
%  journal = ,
%  year = "",
%  volume ="",
%  number = "",
%  pages = ""}

%inproceedings{,
%  address = "",
%  author = "",
%  booktitle = "Proceedings of ",
%  pages = "",
%  title = "",
%  year = ""}


@Techreport{Morel,
author = "Morel, C. ",
title = "{Proposition de mod\'elisation hydrodynamique appliqu\'ee au lit fluidis\'e}",
type = "NT",
institution = "CEA",
year = "2011",
number = "DEN/CAD/DER/SSTH/LDLD/2011-050/A"
}



@Article{Babuska1,
  author = "Babuska, I. and  Rheinboldt, W.C.",
  title = "{Error estimates for adaptive finite element computations}",
  journal = "SIAM J. Numer. Anal. ",
  year = "1978",
  volume ="15",
  pages = "736--754"}

@Article{Babuska2,
  author = "Babuska, I. and  Rheinboldt, W.C.",
  title = "{A posteriori error estimates for the finite element method}",
  journal = "Int. J. Numer. Meth. Engrg." ,
  year = "1978",
  volume ="12",
  pages = "1597--1615"}

@Article{Germano,
  author = "Germano, M. and Piomelli, M. and Moin, U. and Cabot, P.",
  title = "{A dynamic subgrid-scale eddy viscosity model}",
  journal = {Phys. Fluids A},
  year = "1991",
  volume ="3",
  number = "7",
  pages = "1760-1765"}

@Article{WALE,
  author = "Nicoud, F. and Ducros, F.",
  title = "{Subgrid-scale modelling based on the square of the velocity gradient tensor}",
  journal =" Flow, Turbulence and Combustion" ,
  year = "1999",
  volume ="62",
  pages = "183-200"}

@Article{Menter,
  author = 	 {Menter, F. R.},
  title = 	 "{Two-Equation Eddy-Viscosity Turbulence Models for Engineering Applications}",
  journal = 	 {AIAA Journal},
  year = 	 {1994},
  volume = 	 {32},
  number =     {8},
  pages = 	 {1598-1605}
}

@inbook{Werner,
author = "Werner, H. and Wengle, H.",
title = "{Large-Eddy Simulation of Turbulent Flow Over and Around a Cube in a Plate Channel}",
booktitle = "Turbulent Shear Flow",
year = "1993",
editor = "F. Durst et al.",
chapter = "8"
}


@Techreport{PEAngeli,
author = "Angeli, P.-E.",
title = "{Simulation num\'erique de la turbulence dans Trio\_U : nouvelle m\'ethode de prise en compte des lois de paroi via une condition aux limites de sym\'etrie et un terme source de type Robin}",
type = "NT",
institution = "CEA",
year = "2013",
number = "DEN/DANS/DM2S/STMF/LMSF/NT/13-011/A"
}

@Book{Pironneau,
author = {Mohammadi, B. and Pironneau, O. and Ciarlet, Lions, J.-L.},
ALTeditor = {-},
title = "{Analysis of the K-Epsilon turbulence model}",
publisher = {John Wiley \& Sons - Masson},
year = {1994}
}


@inbook{Reichardt,
author = {Hinze, J.O.},
title = "{Turbulence}",
booktitle = {MacGraw-Hill},
year = {1959}
}

@Article{Bastinga,
  author = "Bastinga,S. and  Quainib, A. and Cani\'e,S. and  Glowinskib, R.",
  title = "{Extended ALE Method for fluid-structure interaction problems with large structural displacements}",
  journal = jcp,
  year = "2017"
  }




@Article{HDG_incompressible,
  author = 	 {N. Nguyen and J. Peraire and B. Cockburn},
  title = 	 "{An impliict high-order hybridizable discontinuous Galerkin method for the incompressible Navier-Stokes equations}",
  journal = 	 {Journal of Computational Physics},
  year = 	 2011,
  volume = 	 230,
  pages = 	 {1147-1170}}

@Article{HDG_farhat,
  author = 	 {C. Farhat and I. Harari and L. P. Franca},
  title = 	 "{The discintinuous enrichment method}",
  journal = 	 {Comput. methods Appl. Mech. Engrg},
  year = 	 2001,
  volume = 	 190,
  pages = 	 {6455-6479}}


@inproceedings{Fischer-2004,
author = {Fischer, P. and  Hecht, F. and Maday, Y.},
editor = {Kornhuber, R. and Hoppe, R. and Périaux, J. and Pironneau, O. and Widlund, O. and Xu, J.},
title = "{A Parareal in Time Semi-implicit Approximation of the Navier-Stokes Equations}",
booktitle = {Domain Decomposition Methods in Science and Engineering
Series : Lecture Notes in Computational Science and Engineering},
year = {2004},
volume = {40},
series = {Springer}
}

@inproceedings{Steiner-2015,
author = {Steiner, J. and Ruprecht, D. and Speck, R. and et al.},
editor = {Abdulle, A. and Deparis, S.  and Kressner, D. and Nobile, F. and Picasso, M.},
title = "{Convergence of Parareal for the Navier-Stokes Equations Depending on the Reynolds Number}",
booktitle = {Lecture Notes in Computational Science and Engineering, 103 . Springer Verlag (Germany)},
year = {2015},
booksubtitle = {Proceedings of ENUMATH 2013, the 10th European Conference on Numerical Mathematics and Advanced Applications. Numerical Mathematics and Advanced Applications - ENUMATH 2013, 26-30 Aug 2013, Lausanne, Switzerland},
pages = {195-202}
}

@thesis{Mula-2014,
author = {Mula, O.},
title = "{Some contributions towards the parallel simulation of time dependent neutron transport and the integration of observed data in real time}",
type = {PhD Thesis},
institution = {Université Pierre et Marie Curie},
year = {2014}
}

@inproceedings{Gander-2013,
 author = {Gander, M. J. and  and  Yao-Lin, J. and  Rong-Jian, L.},
 editor = {Bank, R.E. and Holst, M. and Widlund, O.B. and Xu, J.},
 title = "{Parareal Schwarz Waveform Relaxation Methods.}",
 booktitle = {Domain Decomposition Methods in Science and Engineering XX
Series: Lecture Notes in Computational Science and Engineering},
 year = {2013},
 volume = {91}
 }
 


@Article{Cockburn-Shu,
  author = "Cockburn, B. and Shu, C.-W.",
  title = "{The Runge-Kutta Discontinuous Galerkin Method for Conservation Laws V: Multidimensional Systems}",
  journal =jcp ,
  year = "1998",
  volume ="141",
  number = "2",
  pages = "199-224"}

@Article{Cockburn-HDG,
  author = "Cockburn, B. and  Nguyena, N. C.  and Peraire, N.C.",
  title = "{Chapter 8 - HDG Methods for Hyperbolic Problems}",
  journal = "Handbook of Numerical Analysis",
  year = "2016",
  volume ="17",
  OPTnumber = "",
  pages = " 173-197"}




@Article{Bassi-Rebay,
  author = "Bassi, F. and Rebay, S.",
  title = "{A High-Order Accurate Discontinuous Finite Element Method for the Numerical Solution of the Compressible Navier-Stokes Equations}",
  journal = jcp,
  year = "1996",
  volume ="131",
  number = "2",
  pages = "267-279"}

 

@Article{Wilcox-2008,
  author = "Wilcox, D. C.",
  title = "{Formulation of the $k - \omega$ Turbulence Model Revisited}",
  journal = "AIAA Journal",
  year = "2008",
  volume ="46",
  number = "(11)",
  pages = "2823-2838"}

@book{Wilcox-1998,
author = "Wilcox, D. C.",
title = "{Turbulence Modeling for CFD}",
year = "1998"
}



@Article{LePotier-2005,
  author = "Le Potier, C.",
  title = "{Sch\'ema volumes-finis monotones pour des op\'erateurs de diffusion fortement anisotropes sur des maillages de triangles non structur\'es}",
  journal ="C.R. Acad. Sci. Paris" ,
  year = "2005",
  volume ="Ser 1",
  number = "341",
  pages = "787-792"}
  
@Article{LePotier-Cathala,
  author = "Canc\`es, C. and Cathala, M. and Le Potier,C.",
  title = "{Monotone corrections for generic cell-centered finite volume approximations of anisotropic diffusion equations}",
  journal ="Numer. Math" ,
  year = "2013",
  volume ="125",
  pages = "387-417"}
  

@inproceedings{Kuzmin-2004,
  address = "ECCOMAS 2004",
  author = "Kuzmin, D.  and Turek, S.",
  booktitle = "{European Congress on Computational Methods in Applied Sciences and Engineering}",
  title = "European Congress on Computational Methods in Applied Sciences and Engineering",
  year = "2004"}

@Article{Kuzmin-2009,
  author = "Kuzmin, D. and  Shashkov, M. J. and Svyatskiy, D.",
  title = "{A constrained finite element method satisfying the discrete maximum
principle for anisotropic diffusion problems}",
  journal =jcp ,
  year = "2009",
  volume ="228",
  OPTpages = ""}




@Book{zbMATH06168029,
     Author = {Succi, S.},
     Title = "{{The lattice Boltzmann equation. For fluid dynamics and beyond. Reprint of the 2001 hardback ed.}}",
     Edition = {Reprint of the 2001 hardback ed.},
     ISBN = {978-0-19-967924-9/pbk},
     Pages = {xvi + 288},
     Year = {2013},
     Publisher = {Oxford: Clarendon Press},
     Language = {English},
     MSC2010 = {76-02 76P05 76M28 76V05},
     Zbl = {1264.76005}
}


@Article{zbMATH05643556,
     Author = {Pan, C. and Luo, L.-S. and Miller, C. T.},
     Title = "{{An evaluation of lattice Boltzmann schemes for porous 
medium flow simulation.}}",
     FJournal = {{Computers and Fluids}},
     Journal = {{Comput. Fluids}},
     ISSN = {0045-7930},
     Volume = {35},
     Number = {8-9},
     Pages = {898--909},
     Year = {2006},
     Publisher = {Elsevier (Pergamon), Oxford},
     Language = {English},
     DOI = {10.1016/j.compfluid.2005.03.008},
     MSC2010 = {76M28 76S05},
     Zbl = {1177.76323}
}


@Article{zbMATH01508370,
     Author = {Luo, L.-S.},
     Title = "{{Some recent results on discrete velocity models and 
ramifications for lattice Boltzmann equation.}}",
     FJournal = {{Computer Physics Communications}},
     Journal = {{Comput. Phys. Commun.}},
     ISSN = {0010-4655},
     Volume = {129},
     Number = {1-3},
     Pages = {63--74},
     Year = {2000},
     Publisher = {Elsevier (North-Holland), Amsterdam},
     Language = {English},
     DOI = {10.1016/S0010-4655(00)00093-X},
     MSC2010 = {76M28 76P05 82B40 76-02},
     Zbl = {0983.76072}
}


@Article{Skew-Sym,
  author = "Palha, A. and Gerritsma, M.",
  title = "{A mass, enstrophy and vorticity conserving (MEEVC) mimetic spectral element discretization for the 2D incompressible Navier-Stokes equations}",
  journal =jcp ,
  year = "2017",
  volume ="328",
  number = "",
  pages = "200-220"}

@Article{Dumbser-2014,
  author = "Tavelli, M. and Dumbser, M.",
  title = "{A stagered semi-implicit discontinuous Galerkin method for the two dimenional incompresseible Navier-Stokes equations}",
  journal = App-Math-Comp,
  year = "2014",
  volume ="248",
  pages = "70-92"}
  
@Article{Dumbser-2016,
  author = "Tavelli, M. and Dumbser, M.",
  title = "{A staggered space-time discontinuous Galerkin meyhod for the three-dimensional incompressible Navier-Stokes equations on unstructured tetrahedral meshes}",
  journal = jcp ,
  year = "2016",
  volume ="319",
  pages = "294-323"}
  
%  Article{,
%  author = "",
%  title = "",
%  journal = ,
%  year = "",
%  volume ="",
%  number = "",
%  pages = ""}




@TechReport{TRUST,
   author = "Burbeau, A. and Canton, A. and Richebois, E. and Le Thanh, K.-C.",
   title = "{Architecture de la plateforme thermohydraulique TRUST de la DEN }",
   institution = "CEA",
   year = "2015",
   type = "Note Technique CEA",
   number = "DEN/DANS/DM2S/STMF/NT/15-001/A"}
   
@Article{Galvin-Linke,
  author = "Galvin, K.J. and Linke, A. and Rebholz, L.G. and Wilson, N.E. ",
  title = "{Stabilizing poor mass conservation in incompressible flow problems with large irrotational forcing and application to thermal convection}",
  journal = comput,
  year = "2012",
  volume ="237/240",
  pages = "166-176"}
  
@Article{Fortin,
  author = "Fortin, T.",
  title = "{Une m\'ethode d'\'el\'ements finis \`a d\'ecomposition $L^{2}$ d'ordre \'elev\'e motiv\'ee par la simulation d'\'ecoulement diphasique bas Mach}",
  journal = "Th\`ese de Doctorat ",
  year = "2006"}  
   
@TechReport{FdR_Trio,
  author = "Burbeau, A.",
  title = "{Feuille de route du code TrioCFD : 2015-2020. Version initiale}",
  institution = "CEA",
  year = "2015",
  type = "Note Technique CEA",
  number = " DEN/DANS/DM2S/STMF/LMSF/NT/15/004/A"}
  
@TechReport{Plan_dev_Trio,
  author = "Burbeau, A. and Cartalade, A. and Omnes, P. and Puscas, M. A.",
  title = "{Plan de d\'eveloppement du code TrioCFD. Version 1. P\'eriode 2017-2020}",
  institution = "CEA",
  year = "2016",
  type = "Note Technique CEA",
  number = " DEN/DANS/DM2S/STMF/LMSF/NT/16-014/A"}  
  
@TechReport{Plan_dev_Trio_indiceB,
  author = "Angeli, P.-E. and Bieder, B. and Cartalade, A. and Jamelot, E. and Leterrier, N. and Omnes, P. and Puscas, M. A.",
  title = "{Plan de d\'eveloppement du code TrioCFD. Indice B. P\'eriode 2017-2020}",
  institution = "CEA",
  year = "2018",
  type = "Note Technique CEA",
  number = " DEN/DANS/DM2S/STMF/LMSF/NT/16-014/B"} 
  


 @TechReport{OpenSourceTrio,
  author = "Burbeau, A. and Calvin, C.",
  title = "{Une politique de licence Open Source pour la plateforme TRUST et l'application TrioCFD}",
  institution = "CEA",
  year = "2015",
  type = "Note Technique CEA",
  number = "DEN/DANS/DM2S/STMF/NT/15-002/A"}
  
  @TechReport{Plan_dev_Trio,
  author = "Burbeau, A. and Cartalade, A. and Omnes, P. and Puscas, M. A.",
  title = "{Plan de d\'eveloppement du code TrioCFD. Version 1. P\'eriode 2017-2020}",
  institution = "CEA",
  year = "2016",
  type = "Note Technique CEA",
  number = " DEN/DANS/DM2S/STMF/LMSF/NT/16-014/A"}  
  
  
@TechReport{Steady_Adela,
  author = "
Puscas, M. A.",
  title = "{Mise en place d\'un algorithme stationnaire dans TrioCFD}",
  institution = "CEA",
  year = "2017",
  type = "Note Technique CEA",
  number = "DEN/DANS/DM2S/STMF/NT/2017-62241/A"}  
  
@TechReport{Mathieu,
   author = "Peybernes, M.",
   title = "{Mod\`eles de turbulence dans TrioCFD}",
   institution = "CEA",
   year = "2016",
   type = "Note Technique CEA",
   number = "DEN/DANS/DM2S/STMF/LMSF/NT/16-009/A"}  
  
@TechReport{Steady_Adela_Reijo_2017 ,
  author = "
Puscas, M. A. and Pegonen,  R.",
  title = "{Fluid-structure interaction for the PWR fuel assembly under axial flow and seismic loading. Coupling a CFD program (TrioCFD) with ALE representation and a structural dynamics program}",
  institution = "CEA",
  year = "2017",
  type = "Rapport Technique CEA",
  number = "DEN/DANS/DM2S/STMF/RT/2017-62296/A"}  
  
  
 @TechReport{Angeli_Brambourg,
  author = "Angeli, P.-E. and Brambourg, F.",
  title = "{Revue de mod\'elisations pari\'etales en RANS et calculs comparatifs TrioCFD / Fluent sur une s\'election de cas-tests}",
  institution = "CEA",
  year = "2017",
  type = "Note Technique CEA",
  number = "DEN/DANS/DM2S/STMF/NT/2017-62065/A"}  
 

@TechReport{Linke_Erell,
  author = "
Jamelot, E.",
  title = "{A proposal to improve the stability of the P1NC-P0 scheme in the trioCFD code}",
  institution = "CEA",
  year = "2018",
  type = "Note Technique CEA",
  number = "DEN/DANS/DM2S/STMF/NT/2018-62465/A"}
  
 @TechReport{ihm,
  author = "Bieder, U. and Jamelot, E.",
  title = "{Expression des besoins de l\'IHM pour le code TrioCFD}",
  institution = "CEA",
  year = "2018",
  type = "Note Technique CEA",
  number = "DEN/DANS/DM2S/STMF/NT/2018-62651/A"}   
   
@PhdThesis{Emonot,
author = "Emonot, P.",
title = "{M\'ethodes de Volumes El\'ements Finis. Application aux \'equations de Navier-Stokes et r\'esultats de convergence}",
school = "Universit\'e Claude Bernard. Lyon I",
year = "1992"
}

@PhdThesis{Belliard,
author = {Belliard, M. },
title = "{M\'ethodes de d\'ecomposition de domaine et de fronti\`ere immerg\'ee pour la simulation des composants nucl\'eaires}",
type = {HDR},
school = {Aix-Marseille Universit\'e},
year = "2014"
}

@PhdThesis{HDR-MBertrand,
author = {Bertrand, M.},
title = "{Les proc\'ed\'es de pr\'ecipitation dans l\rq{}industrie nucl\'eaire~: \'etudes ph\'enom\'nologiques et hydrodynamiques }",
type = {HDR},
school = {Université de Lorraine},
year = "2014"
}

@PhdThesis{Ciobanu,
author = {Ciobanu, O. A.},
title = "{M\'ethode de d\'ecomposition de domaine avec adaptation de maillage en espace-temps pour les \'equations d\'Euler et de Navier-Stokes}",
type = {PhD},
school = {Universit\'e Parix XIII},
year = "2014"
}

@PhdThesis{JFWald,
author = "Wald, J.-F.",
title = "{Lois de paroi adaptatives pour un mod\`ele de fermeture du second ordre
dans un contexte industriel}",
school = "Universit\'e de Pau et des Pays de l'Adour",
year = "2016"
}

@Article{Kader,
  author = "Kader, B.A.",
  title = "{Temperature and concentration profiles in fully turbulent boundary layers}",
  journal ="Int. J. Heat Mass Transf" ,
  year = "1981",
  volume ="24",
  OPTnumber = "",
  pages = "1541-1544"}


@PhdThesis{Ghotbi,
author = "Fadai-Ghotbi, A.",
title = "{Mod\'elisation de la turbulence par approches URANS et hybride RANS-LES. Prise en compte des effets de paroi par pond\'eration elliptique}",
school = "Universit\'e de Poitiers",
year = "2007"
}

   
@PhdThesis{Heib,
author = "Heib, S.",
title = "{Nouvelles discr\'etisations non structur\'ees pour des \'ecoulements de fluides \`a incompressibilit\'e renforc\'ee}",
school = "Universit\'e Paris VI",
year = "2003"
}



%ALE

@misc{donea2004arbitrary,
  title="{Arbitrary Lagrangian-Eulerian Methods, Encyclopedia of computational mechanics. Vol 1. Ch 14}",
  author={Donea, J. and Huerta, A. and Ponthot, J.-Ph. and Rodriguez-Ferran, A.},
  year={2004},
  publisher={Wiley}
}


@phdthesis{piperno1997simulation,
  title="{Simulation num{\'e}rique de ph{\'e}nom{\`e}nes d'interaction fluide-structure}",
  author={Piperno, S.},
  year={1997}
}

@phdthesis{monasse2011analyse,
  title="{Analyse d'une m{\'e}thode de couplage entre un fluide compressible et une structure d{\'e}formable}",
  author={Monasse, L.},
  year={2011},
  school={Universit{\'e} Paris-Est}
}

@article{fourestey2004second,
  title="{A second-order time-accurate ALE Lagrange--Galerkin method applied to wind engineering and control of bridge profiles}",
  author={Fourestey, G. and Piperno, S.},
  journal={Computer methods in applied mechanics and engineering},
  volume={193},
  number={39},
  pages={4117--4137},
  year={2004},
  publisher={Elsevier}
}


@article{huvelin2007simulation,
  title="{Simulation num{\'e}rique d'un tube flexible soumis {\`a} un {\'e}coulement interne}",
  author={Huvelin, F. and Longatte, E. and Souli, M.},
  journal={M{\'e}canique \& industries},
  volume={8},
  number={2},
  pages={143--149},
  year={2007},
  publisher={EDP Sciences}
}


%Pas de temps dual

@article{nithiarasu2003efficient,
  title="{An efficient artificial compressibility (AC) scheme based on the characteristic based split (CBS) method for incompressible flows}",
  author={Nithiarasu, P.},
  journal={International Journal for Numerical Methods in Engineering},
  volume={56},
  number={13},
  pages={1815--1845},
  year={2003},
  publisher={Wiley Online Library}
}

@article{bevan2012accelerating,
  title="{Accelerating incompressible flow calculations using a quasi-implicit scheme: local and dual time stepping approaches}",
  author={Bevan, R. L. T. and Nithiarasu, P.},
  journal={Computational Mechanics},
  volume={50},
  number={6},
  pages={687--693},
  year={2012},
  publisher={Springer}
}


%Compressibilit\'e artificielle


@article{guermond2015high,
  title="{High-Order Time Stepping for the Incompressible Navier--Stokes Equations}",
  author={Guermond J.-L. and Minev P.},
  journal={SIAM Journal on Scientific Computing},
  volume={37},
  number={6},
  pages={A2656--A2681},
  year={2015},
  publisher={SIAM}
}


% LBM
@BOOK{Succi_LBM_Book_2001,
  title = "{The Lattice Boltzmann Equation for Fluid Dynamics and Beyond}",
  publisher = {Oxford Science Publication},
  year = {2001},
  author = {Succi, S.},
  owner = {alain},
  timestamp = {2013.04.28}
}

@BOOK{Guo-Shu_BookLBM2013,
  title = "{Lattice Boltzmann Method and its Applications in Engineering. Advances
	in Computational Fluid Dynamics Vol. 3}",
    publisher = {World Scientific Publishing Co. Pte. Ltd.},
  year = {2013},
  author = {Z. Guo and C. Shu},
  owner = {alain},
  timestamp = {2013.12.16}
}

@ARTICLE{Chen-Doolen_AnnRevFlMech1998,
  author = {Chen, S.  and Doolen, G.D.},
 title = "{Lattice Boltzmann Method for fluid flows}",
  journal = {Annual Reviews of Fluid Mechanics},
  year = {1998},
  volume = {30},
  pages = {pp. 329-364},
  note = {doi:10.1146/annurev.fluid.30.1.329},
  owner = {alain},
  timestamp = {2012.12.08}
}

@ARTICLE{Dubois_ESAIM2007,
  author = {Dubois, F. },
  title = "{Une introduction au schéma de Boltzmann sur reseau}",
  journal = {ESAIM: PROCEEDINGS},
  year = {2007},
  volume = {18},
  pages = {pp. 181--215},
  owner = {ac165432},
  timestamp = {2016.11.18}
}

@ARTICLE{Yuan-Schaefer_PoF2006,
  author = {Yuan, P.  and Schaefer, L. },
  title = "{Equations of state in a lattice Boltzmann model}",
  journal = {PHYSICS OF FLUIDS},
  year = {2006},
  volume = {18},
  pages = {042101},
  owner = {ac165432},
  timestamp = {2016.11.18}
}

@ARTICLE{dHumieres_etal_PhilTranRoySoc2002,
  author = {Humi\`eres, D. and Ginzburg, I.  and  Krafczyk, M. and Lallemand, P.  and
	Luo, L.-S. },
  title = "{Multiple-relaxation-time lattice Boltzmann models in three dimensions}",
  journal = {Phil. Trans. R. Soc. Lond. A},
  year = {2002},
  volume = {360},
  pages = {pp. 437-451},
  note = {doi:10.1098/rsta.2001.0955},
  owner = {alain},
  timestamp = {2012.12.08}
}

@ARTICLE{Filippova-Hanel_GridRef_JCP1998,
  author = {Filippova, O.  and Hanel, D. },
  title = "{Grid Refinement for Lattice-BGK Models}",
  journal = {Journal of Computational Physics},
  year = {1998},
  volume = {147},
  pages = {219--228},
  number = {1},
  note = {doi:10.1006/jcph.1998.6089},
  owner = {ac165432},
  timestamp = {2016.05.17}
}

@Article{Hou,
  author = "Hou, T. and   Wu, X.-H.",
  title = "{A multiscale Finite element method for elliptic problems in composite materials and porous media}",
  journal = jcp,
  year = "1997",
  volume ="134",
  pages = "169-189"}
  
@Article{Allaire,
  author = "Allaire, G. and  Brizzi, R.",
  title = "{A multiscale Finite element method for numerical homogenization}",
  journal ="SIAM Multiscale Modeling and Simulations " ,
  year = "2005",
  volume ="4",
  number = "3",
  pages = "790-812"}
  
@inbook{Efendiev,
  author = "Efendiev, Y. and  Hou, T. Y.",
  title = "{Multiscale Finite Element Methods. Theory and Applications}",
  booktitle = "Surveys and Tutorials in the Applied Mathematical Sciences",
  year = "2008",
  publisher = "Springer",
  volumes = "4"
  }
  
@Article{Chung,
  author = "Chung, E. and  Efendiev, Y. and  Hou, T.",
  title = "{Adaptive multiscale model reduction with generalized multiscale Finite element methods}",
  journal = jcp,
  year = "2016",
  volume ="320",
  pages = "69-95"}
  
  @article{Agate,
  author = {Bieder, U. and Falk, F. and Fauchet, G.},
  title = "{CFD analysis of the flow in the near wake of a generic PWR mixing grid}",
  journaltitle = {Annals of Nuclear Energy},
  year = {2015},
  volume = {82},
  pages = { 169-178}
  }
  @article{koobus2000computation,
  title="{Computation of unsteady viscous flows around moving bodies using the k--$\varepsilon$ turbulence model on unstructured dynamic grids}",
  author={Koobus, B. and Farhat, C. and Tran, H.},
  journal={Computer methods in applied mechanics and engineering},
  volume={190},
  number={11-12},
  pages={1441--1466},
  year={2000},
  publisher={Elsevier}
}

@PHDTHESIS{puscas,
  author       = {M. A. Puscas}, 
  title        = "{Conservative coupling method between an inviscid compressible fluid flow and a three-dimensional deformable structure with possible fragmentation}",
  school       = {Universit\'{e} Paris-Est},
  year         = 2014,
  note         = {General Mathematics [math.GM]}
}

@INCOLLECTION{donea,
  author       = {Donea,J.  and Huerta,A.  and  Ponthot, J.-P. and Rodr\'{i}guez-Ferran, A. }, 
  title        = "{Arbitrary {L}agrangian-{E}ulerian {M}ethods}",
  booktitle    = {Encyclopedia of Computational Mechanics},
  year         = 2004,
  volume       = 1,
  chapter      = 14,
}

@ARTICLE{huvelin,
  author  = {Huvelin, F.  and Longatte, E. and  Souli,M.}, 
  title   = "{Simulation num\'{e}rique d'un tube flexible soumis \`{a} un \'{e}coulement interne}",
  journal = {Mechanics \& Industry},
  year    = 2007,
  number  = 2,
  pages   = {143-149},
  volume  = 8
}

@BOOK{souli,
  author    = {Souli, M.  and Benson, D. J.}, 
  title     = "{Arbitrary {L}agrangian-{E}ulerian and {F}luid-{S}tructure {I}nteraction}",
  publisher = {ISTE Ltd and John Wiley Sons},
  year      = 2010,
}

@ARTICLE{duarte,
  author  = {Duarte,F.  and Gormaz, R.  and  Natesan, S.}, 
  title   = "{Arbitrary {L}agrangian-{E}ulerian method for {N}avier-{S}tokes equations with moving boundaries}",
  journal = {Comput. Methods Appl. Mech. Engrg.},
  year    = 2004,
  pages   = {4819-4836},
  volume  = 193
}



@BOOK{childs,
  author    = {Childs,P. R. N. }, 
  title     = "{Rotating Flow}",
  publisher = {Butterworth-Heinemann},
  year      = 2010,
}

@MISC{colagrossi,
author = {Colagrossi, A. },
title = "{{SPHERIC benchmark 6: 2D Incompressible flow around a moving square in-side a rectangular box. - 2D SPH Validation}}",
howpublished = "\url{http://spheric-sph.org/tests/test-6}",
note = {Accessed: Sept. 29, 2017}
}

@article{shih1995new,
  title="{A new $k-\epsilon$ eddy viscosity model for high reynolds number turbulent flows}",
  author={Shih, T.-H. and Liou, W. W. and Shabbir, A. and Yang, Z. and Zhu, J.},
  journal={Computers \& Fluids},
  volume={24},
  number={3},
  pages={227--238},
  year={1995},
  publisher={Elsevier}
}


@article{shih1995,
  title="{A new Reynolds stress algebraic equation model}",
  author={Shih, T.-H. and Zhu, J. and Lumley, J. L.},
  journal={Computer methods in applied mechanics and engineering},
  volume={125},
  number={1-4},
  pages={287--302},
  year={1995},
  publisher={Elsevier}
}

@article{muljadi2015nonconforming,
  title="{Nonconforming multiscale finite element method for stokes flows in heterogeneous media. Part I: methodologies and numerical experiments}",
  author={Muljadi, B. P. and Narski, J. and Lozinski, A. and Degond, P.},
  journal={Multiscale Modeling \& Simulation},
  volume={13},
  number={4},
  pages={1146--1172},
  year={2015},
  publisher={SIAM}
}
@article{jankowiak2018non,
  title="{Non-conforming multiscale finite element method for Stokes flows in heterogeneous media. Part II: Error estimates for periodic microstructure}",
  author={Jankowiak, G. and Lozinski, A.},
  journal={arXiv preprint arXiv:1802.04389},
  year={2018}
}

@ARTICLE{benchmark,
  author = {Angeli, P.-E. and Puscas, M.-A.  and  Fauchet, G.  and Cartalade, A. },
  title = "{{FVCA8} Benchmark for the {S}tokes and {N}avier-{S}tokes equations with the {T}rio{CFD} Code}",
  journal = {Finite Volumes for Complex Applications VIII - Methods and Theoretical Aspects.},
  year = {2017}
}

@CONFERENCE{Boyer_Omnes_FVCA2016,
  author = {Boyer,F.  and Omnes,P. },
  title = "{Benchmark for the {F}{V}{C}{A}8 {C}onference Finite volume methods for the
	{S}tokes and {N}avier-{S}tokes equations}",
  booktitle = {Finite Volume for Complex Applications 8},
  year = {2016},
  pages = {1--10},
  note = {https://github.com/FranckBoyer/FVCA8 \_ Benchmark},
  owner = {ac165432},
  timestamp = {2016.09.28}
}

@article{belliard2006multigrid,
  title="{Multigrid preconditioning of steam generator two-phase mixture balance equations in the Genepi software}",
  author={Belliard, M.},
  journal={Progress in computational fluid dynamics},
  volume={6},
  number={8},
  pages={459--474},
  year={2006}
}
@incollection{gresho1991some,
  title="{Some interesting issues in incompressible fluid dynamics, both in the continuum and in numerical simulation}",
  author={Gresho, P. M.},
  booktitle={Advances in applied mechanics},
  volume={28},
  pages={45--140},
  year={1991},
  publisher={Elsevier}
}
@article{gresho1991incompressible,
  title="{Incompressible fluid dynamics: some fundamental formulation issues}",
  author={Gresho, P. M.},
  journal={Annual review of fluid mechanics},
  volume={23},
  number={1},
  pages={413--453},
  year={1991},
  publisher={Annual Reviews 4139 El Camino Way, PO Box 10139, Palo Alto, CA 94303-0139, USA}
}


@article{di2014arbitrary,
  title="{An arbitrary-order and compact-stencil discretization of diffusion on general meshes based on local reconstruction operators}",
  author={Di Pietro, D. A. and Ern, A.  and Lemaire, S.},
  journal={Computational Methods in Applied Mathematics},
  volume={14},
  number={4},
  pages={461--472},
  year={2014},
  publisher={De Gruyter}
}

@article{di2015hybrid,
  title="{Hybrid high-order methods for variable-diffusion problems on general meshes}",
  author={Di Pietro, D. A and Ern, A.},
  journal={Comptes Rendus Math{\'e}matique},
  volume={353},
  number={1},
  pages={31--34},
  year={2015},
  publisher={Elsevier}
}

@article{cockburn2016bridging,
  title="{Bridging the hybrid high-order and hybridizable discontinuous Galerkin methods}",
  author={Cockburn, B. and Di Pietro, D. A. and Ern, A.},
  journal={ESAIM: Mathematical Modelling and Numerical Analysis},
  volume={50},
  number={3},
  pages={635--650},
  year={2016},
  publisher={EDP Sciences}
}


@article{bonelle2014analysis,
  title="{Analysis of compatible discrete operator schemes for elliptic problems on polyhedral meshes}",
  author={Bonelle, J. and Ern, A.},
  journal={ESAIM: Mathematical Modelling and Numerical Analysis},
  volume={48},
  number={2},
  pages={553--581},
  year={2014},
  publisher={EDP Sciences}
}
@article{bonelle2014analysisStokes,
  title="{Analysis of compatible discrete operator schemes for the Stokes equations on polyhedral meshes}",
  author={Bonelle, J. and Ern, A.},
  journal={IMA Journal of Numerical Analysis},
  volume={35},
  number={4},
  pages={1672--1697},
  year={2014},
  publisher={Oxford University Press}
}

@article{cahn1958free,
  title="{Free energy of a nonuniform system. I. Interfacial free energy}",
  author={Cahn, J. W. and Hilliard, J. E.},
  journal={The Journal of chemical physics},
  volume={28},
  number={2},
  pages={258--267},
  year={1958},
  publisher={AIP}
}

@article{jasnow1996coarse,
  title="{Coarse-grained description of thermo-capillary flow}",
  author={Jasnow, D. and Vinals, J.},
  journal={Physics of Fluids},
  volume={8},
  number={3},
  pages={660--669},
  year={1996},
  publisher={AIP}
}

@Techreport{NT_PE_Nikos,
author = "Angeli, P.-E. and LETERRIER, N.",
title = "{Impl\'ementation et validation du mod\`ele de turbulence k-epsilon r\'ealisable dans TrioCFD}",
type = "NT",
institution = "CEA",
year = "2018",
number = "STMF/LMSF/NT/2018-64015/A"
}

@TechReport{NT_Reijo_Nikos,
  author = "Pegonen,  R. and LETERRIER, N.",
  title = "{Coupling a CFD code (TrioCFD) with ALE modeling
and a structural dynamics code (EUROPLEXUS)}",
  institution = "CEA",
  year = "2018",
  type = "Rapport Technique CEA",
  number = "DEN/DANS/DM2S/STMF/LMSF/NT/2018-64017/A"} 
   
   
@TechReport{nt_erell_GD,
  author = "Jamelot, E.",
  title = "{M\'ethodes d'\'el\'ements finis de Galerkin discontinus pour r\'esoudre les \'equations de Navier-Stokes}",
  institution = "CEA",
  year = "2018",
  type = "Note Technique CEA",
  number = "DEN/DANS/DM2S/STMF/NT/2018-64097/A"}
  
  @TechReport{nt_pascal_poly,
  author = "Omnes, P.",
  title = "{Adaptation des outils de calcul sur base TRUST pour l'accueil des poly\`edres quelconques}",
  institution = "CEA",
  year = "2018",
  type = "Note Technique CEA",
  number = "DEN/DANS/DM2S/STMF/NT/2018-64075/A"}
  
  
  
  
  
  
@Techreport{Metaphor,
author = "Bergeron, A. and Bruneton, A. ",
title = "{La strat\'egie de la plateforme METAPHOR}",
type = "NT",
institution = "CEA",
year = "2018",
number = "DEN/DANS/DM2S/STMF/RT/2018-63903/A"
}
  
%-----------------------------------%





@MISC{Bour18,

AUTHOR = "Bourhara, L. ",

TITLE   = "{Solveur de transport NYMO, m\'ethode PN-DG}",

HOWPUBLISHED = "{S\'eminaire M\'ethodes de Galerkin discontinues, DM2S, 26/10/2018}",

YEAR = "2018"

}

%------------------------------------%

@INPROCEEDINGS{LaMo11,

AUTHOR        = "Lautard, J.-J.  and Möller, J.-Y. ",

TITLE         = "{MINARET, a deterministic neutron transport solver for Nuclear core calcultations}",

BOOKTITLE     = "International Conference on Mathematics and Computational Methods Applied to Nuclear Science and Engineering (M\&C 2011)",

PUBLISHER     = "Latin American Section (LAS) / American Nuclear Society (ANS)",

YEAR          = "2011"}

%------------------------------------%

@MISC{Madi18,

AUTHOR = "Madiot, F. ",

TITLE ="{MINARET, un solveur \'el\'ements finis discontinus pour l'\'equation du transport}",

HOWPUBLISHED = "{S\'eminaire M\'ethodes de Galerkin discontinues, DM2S, 26/10/2018}",

YEAR="2018"

}

@article{chalons2016all,
  title={An all-regime Lagrange-Projection like scheme for the gas dynamics equations on unstructured meshes},
  author={Chalons, C. and Girardin, M. and Kokh, S.},
  journal={Communications in Computational Physics},
  volume={20},
  number={1},
  pages={188--233},
  year={2016},
  publisher={Cambridge University Press}
}   


@article{cordier2012asymptotic,
  title={An asymptotic-preserving all-speed scheme for the Euler and Navier--Stokes equations},
  author={Cordier, F. and Degond, P. and Kumbaro, A.},
  journal={Journal of Computational Physics},
  volume={231},
  number={17},
  pages={5685--5704},
  year={2012},
  publisher={Elsevier}
}

@article{dellacherie2016construction,
  title={Construction of modified Godunov-type schemes accurate at any Mach number for the compressible Euler system},
  author={Dellacherie, S. and Jung, J. and Omnes, P. and Raviart, P-A},
  journal={Mathematical Models and Methods in Applied Sciences},
  volume={26},
  number={13},
  pages={2525--2615},
  year={2016},
  publisher={World Scientific}
}

@article{fuster2018all,
  title={An all-Mach method for the simulation of bubble dynamics problems in the presence of surface tension},
  author={Fuster, D. and Popinet, S.},
  journal={Journal of Computational Physics},
  volume={374},
  pages={752--768},
  year={2018},
  publisher={Elsevier}
}
@article{labourasse2019low,
  title={A low-Mach correction for multi-dimensional finite volume shock capturing schemes with application in lagrangian frame},
  author={Labourasse, E.},
  journal={Computers \& Fluids},
  volume={179},
  pages={372--393},
  year={2019},
  publisher={Elsevier}
}
@article{moguen2015godunov,
  title={Godunov-type schemes with an inertia term for unsteady full Mach number range flow calculations},
  author={Moguen, Y. and Delmas, S. and Perrier, V. and Bruel, P. and Dick, E.},
  journal={Journal of Computational Physics},
  volume={281},
  pages={556--590},
  year={2015},
  publisher={Elsevier}
}
@article{klainerman1981singular,
  title={Singular limits of quasilinear hyperbolic systems with large parameters and the incompressible limit of compressible fluids},
  author={Klainerman, S. and Majda, A.},
  journal={Communications on pure and applied Mathematics},
  volume={34},
  number={4},
  pages={481--524},
  year={1981},
  publisher={Wiley Online Library}
}
@article{klainerman1982compressible,
  title={Compressible and incompressible fluids},
  author={Klainerman, S. and Majda, A.},
  journal={Communications on Pure and Applied Mathematics},
  volume={35},
  number={5},
  pages={629--651},
  year={1982},
  publisher={Wiley Online Library}
}

@article{vanmaele,
  title="{Application of two buoyancy-modified k-$\varepsilon$ models to different types of buoyant plumes}",
  author={Van Maele, K. and Merci, B.},
  journal={Fire Safety Journal},
  volume={41},
  number={2},
  pages={122--138},
  year={2006},
  publisher={Elsevier}
}

@article{bahari,
  title="{Invetigation of Buoyant Parameters of k-$\varepsilon$ Turbulence Model in Gravity Stratified Flows}",
  author={Majid Bahari, A. and Hejazi, K.},
  journal={International Journal of Physical and Mathematical Sciences},
  volume={3},
  number={7},
  year={2009},
  publisher={World Academy of Science, Engineering and Technology}
}

@Techreport{NT_PE_Nikos,
author = "Angeli P.-E. and LETERRIER N.",
title = "{Impl\'ementation et validation du mod\`ele de turbulence k-epsilon r\'ealisable dans TrioCFD}",
type = "NT",
institution = "CEA",
year = "2018",
number = "STMF/LMSF/NT/2018-64015/A"
}

@Techreport{coldleg,
author = "Angeli P.-E.",
title = "{\'Etude avec TrioCFD d'un choc thermique pressuris\'e dans le cadre du benchmark \og Cold Leg Mixing \fg}",
type = "NT",
institution = "CEA",
year = "2018",
number = "STMF/LMSF/NT/2018-64067/A"
}

@Techreport{NT_Scorpio,
author = "LETERRIER N.",
title = "{Le module de r\'esolution SCORPIO pour le transport r\'eactif (\`a para\^itre)}",
type = "NT",
institution = "CEA"
}

@article{chalons2018sensitivity,
  title={Sensitivity analysis and numerical diffusion effects for hyperbolic PDE systems with discontinuous solutions. The case of barotropic Euler equations in Lagrangian coordinates},
  author={Chalons Christophe and Duvigneau R{\'e}gis and Fiorini Camilla},
  journal={SIAM Journal on Scientific Computing},
  volume={40},
  number={6},
  pages={A3955--A3981},
  year={2018},
  publisher={SIAM}
}

@inproceedings{duvigneau2005evaluation,
  title={Evaluation of nearby flows by a shape sensitivity equation method},
  author={Duvigneau, Regis and Pelletier, Dominique},
  booktitle={43rd AIAA Aerospace Sciences Meeting and Exhibit},
  pages={127},
  year={2005}
}

@Techreport{Shark_Fiorini,
author = "FIORINI C. and DESPRES B. and M. A. Puscas",
title = "{Uncertainty quantification for the Navier-Stokes equations}",
type = "Talk",
institution = " SHARK-FV 2019, Portugal",
year = "2019"
}

@article{hristova2006continuous,
  title={A continuous sensitivity equation method for time-dependent incompressible laminar flows},
  author={Hristova, Hristina and Etienne, Stephane and Pelletier, Dominique and Borggaard, Jeff},
  journal={International Journal for numerical methods in fluids},
  volume={50},
  number={7},
  pages={817--844},
  year={2006},
  publisher={Wiley Online Library}
}

@inproceedings{turgeon2001application,
  title={Application of a sensitivity equation method to the K-epsilon model of turbulence},
  author={Turgeon, {\'E} and Pelletier, D and Borggaard, J},
  booktitle={15th AIAA computational fluid dynamics conference},
  pages={2534},
  year={2001}
}
@misc{donea2004arbitrary,
  title={Arbitrary Lagrangian-Eulerian Methods, Encyclopedia of computational mechanics. Vol 1. Ch 14},
  author={J. Donea,  and A. Huerta,  and J-Ph Ponthot,  and A. Rodriguez-Ferran},
  year={2004},
  publisher={Wiley}
}


@phdthesis{piperno1997simulation,
  title={Simulation num{\'e}rique de ph{\'e}nom{\`e}nes d'interaction fluide-structure},
  author={S. Piperno},
  year={1997}
}

@phdthesis{monasse2011analyse,
  title={Analyse d'une m{\'e}thode de couplage entre un fluide compressible et une structure d{\'e}formable},
  author={ L. Monasse},
  year={2011},
  school={Universit{\'e} Paris-Est}
}




@article{huvelin2007simulation,
  title={Simulation num{\'e}rique d'un tube flexible soumis {\`a} un {\'e}coulement interne},
  author={F. Huvelin,  and E. Longatte, and M. Souli},
  journal={M{\'e}canique \& industries},
  volume={8},
  number={2},
  pages={143--149},
  year={2007},
  publisher={EDP Sciences}
}

@article{fourestey2004second,
  title={A second-order time-accurate ALE Lagrange--Galerkin method applied to wind engineering and control of bridge profiles},
  author={G. Fourestey, and S. Piperno},
  journal={Computer methods in applied mechanics and engineering},
  volume={193},
  number={39},
  pages={4117--4137},
  year={2004},
  publisher={Elsevier}
}

@article{piperno1995partitioned,
  title={Partitioned procedures for the transient solution of coupled aroelastic problems Part I: Model problem, theory and two-dimensional application},
  author={S. Piperno,  and C. Farhat,  and B. Larrouturou},
  journal={Computer methods in applied mechanics and engineering},
  volume={124},
  number={1-2},
  pages={79--112},
  year={1995},
  publisher={Elsevier}
}


@article{wick2011fluid,
  title={Fluid-structure interactions using different mesh motion techniques},
  author={W. Thomas},
  journal={Computers \& Structures},
  volume={89},
  number={13-14},
  pages={1456--1467},
  year={2011},
  publisher={Elsevier}
}

@Techreport{adelastatio,
author = "Puscas, M.-A.",
title = "{Mise en place d'un algorithme stationnaire dans TrioCFD}",
type = "NT",
institution = "CEA",
year = "2017",
number = "STMF/LMSF/NT/2017-62241/A"
}

@Techreport{NT_Ares,
author = {LETERRIER, N.},
title = {ARES: un int\'egrateur temporel adaptatif pour calculer l'\'etat
stationnaire d'un syst\`eme alg\'ebro-diff\'erentiel non-lin\'eaire fortement
raide},
type = {NT},
institution = {CEA},
year = {2018},
number = {STMF/LMSF/NT/2018-62524/B}
}

@ARTICLE{chorin68,
  author = {A. J. Chorin},
  title = {Numerical solution of the {N}avier-{S}tokes equations},
  journal = {Mathematics of computation},
  year = {1968},
  volume = {22},
  pages = {pp. 745--762},
  number = {104}
}
@ARTICLE{temam68,
  author = {R. Temam},
  title = {Une m{\'e}thode d'approximation de la solution des {\'e}quations de {N}avier-{S}tokes},
  journal = {Bulletin de la Soci{\'e}t{\'e} Math{\'e}matique de France},
  year = {1968},
  volume = {96},
  pages = {pp. 115--152}
}

@techreport{Peybernes2016,
	author={M. Peybernes},
	title={{Mod\`eles de turbulence dans TrioCFD}},
	institution={CEA},
	number={DEN/DANS/DM2S/STMF/LMSF/16--009/A},
	year={2016}
}
@techreport{Angeli2018a,
	author={P.-E. Angeli and N. Leterrier},
	title={{Impl\'ementation et validation du mod\`ele de turbulence k-epsilon r\'ealisable dans TrioCFD}},
	institution={CEA},
	number={DEN/DANS/DM2S/STMF/LMSF/NT/2018-64015/A},
	year={2018}
}
@article{Baglietto2006,
	title={{CFD and DNS methologies development for fuel bundle simulations}},
	author={E. Baglietto and H. Ninokata and T. Misawa},
	journal={Nucl. Eng. Des.},
	volume={236},
	pages={1503--1510},
	year={2006}
}
@article{Pope1975,
	title={{A more general effective-viscosity hypothesis}},
	author={S.B. Pope},
	journal={J. Fluid Mech.},
	volume={72},
	year={1975},
	pages={331--340}
}
@techreport{Shih1993,
	title={{A realizable Reynolds stress algebraic equation model}},
	author={T.-H. Shih and Z. Jiang and J.L. Lumley},
	type={Technical Memorandum},
	number={NASA-TM-105993},
	institution={NASA},
	year={1993}
}
@article{Craft1996,
	title={{Development and application of a cubic eddy-viscosity model of turbulence}},
	author={T.J. Craft and B.E. Launder and K. Suga},
	journal={Int. J. Heat Fluid Flow},
	volume={17},
	pages={108--115},
	year={1996}
}
@article{Wilcox1988,
	title={{Re-assessment of the scale-determining equation for advanced turbulence models}},
	author={D.C. Wilcox},
	journal={AIAA J.},
	volume={26},
	number={11},
	pages={1299--1310},
	year={1988}
}
@techreport{Angeli2019a,
	author={P.-E. Angeli},
	title={{D\'etermination avec TrioCFD des coefficients de perte de charge dans un faisceau de tubes en l'absence de grilles}},
	institution={CEA},
	number={DEN/DANS/DM2S/STMF/LMSF/NT/2019-65093/A/DR Sp\'cial France},
	year={2019}
}
@article{Menter1993,
	title={{Zonal Two Equation $k$--$\omega$ Turbulence Models for Aerodynamic Flows}},
	author={F.R. Menter},
	journal={AIAA Paper 1993-2906},
	year={1993}
}
@article{Germano1991,
	title={{A Dynamic Subgrid-Scale Eddy Viscosity Model}},
	author={M. Germano and U. Piomelli and P. Moin and W.H. Cabot},
	journal={Phys. Fluids A},
	volume={3},
	pages={1760--1765},
	year={1991}
}
@article{Lilly1991,
	title={{A Proposed Modification of the Germano Subgrid-Scale Closure Method}},
	author={D.K. Lilly},
	journal={Phys. Fluids A},
	volume={4},
	pages={633--635},
	year={1991}
}
@article{Lam1981,
	title={{A modified form of the $k$--$\varepsilon$ model for predicting wall turbulence}},
	author={C.K.G. Lam and K. Bremhorst},
	journal={ASME J. Fluids Eng.},
	volume={103},
	pages={456--460},
	year={1981}
}
@article{Smagorinsky1963,
	title={{General Circulation Experiments with the Primitive Equations}},
	author={J. Smagorinsky},
	journal={Mon. Weather Rev.},
	volume={91},
	pages={99--164},
	year={1963}
}
@article{Nicoud1999,
	title={{Subgrid-scale stress modelling based on the square of the velocity gradient tensor}},
	author={F. Nicoud and F. Ducros},
	journal={Flow Turbul. Combust.},
	volume={62},
	year={1999},
	pages={183--200}
}


@PhdThesis{Feng2019,
author = "FENG, Q.",
title = "{D\'eveloppement d'une m\'ethode d'\'el\'ements finis multi-\'echelles pour les
\'ecoulements incompressibles dans un milieu h\'et\'erog\`ene}",
school = "Universit\'e Paris-Saclay",
year = "2019"
}


@article{Guermond1,
	title={{From Suitable Weak Solutions to Entropy Viscosity}},
	author={Guermond J.-L. and Pasquetti R. and Popov B.},
	journal={J. Sci. Comput},
	volume={49},
	year={2011},
	pages={J. Sci. Comput}
}


@incollection{Guermondverif,
  title={Validation of an entropy-viscosity model for large eddy simulation},
  author={Guermond, J-L and Larios, A and Thompson, T},
  booktitle={Direct and Large-Eddy Simulation IX},
  pages={43--48},
  year={2015},
  publisher={Springer}
}


@article{Wang,
  title={An entropy-viscosity large eddy simulation study of turbulent flow in a flexible pipe},
  author={Wang, Z. and Triantafyllou, M. S. and Constantinides, Y. and Karniadakis, G. E.},
  journal={Journal of Fluid Mechanics},
  volume={859},
  pages={691--730},
  year={2019},
  publisher={Cambridge University Press}
}


@article{Verfurth,
  title={A posteriori error estimators for the Stokes equations II non-conforming discretizations},
  author={Verf{\"u}rth, R.},
  journal={Numerische Mathematik},
  volume={60},
  number={1},
  pages={235--249},
  year={1991},
  publisher={Springer}
}


@article{Dari_duran_padra,
  title={Error estimators for nonconforming finite element approximations of the Stokes problem},
  author={Dari, E. and Dur{\'a}n, R. and Padra, C.},
  journal={mathematics of computation},
  volume={64},
  number={211},
  pages={1017--1033},
  year={1995}
}



@article{carstensen_funken,
  title={A posteriori error control in low-order finite element discretisations of incompressible stationary flow problems},
  author={Carstensen, C. and Funken, S.},
  journal={Mathematics of Computation},
  volume={70},
  number={236},
  pages={1353--1381},
  year={2001}
}
@article{japhet2017space,
  title={Space--time domain decomposition for advection--diffusion problems in mixed formulations},
  author={Japhet, Caroline and Kern, Michel and Roberts, Jean E and others},
  journal={Mathematics and Computers in Simulation},
  volume={137},
  pages={366--389},
  year={2017},
  publisher={Elsevier}
} 

@incollection{fischer2005parareal,
  title={A parareal in time semi-implicit approximation of the Navier-Stokes equations},
  author={Fischer, P. F. and Hecht, F. and Maday, Y.},
  booktitle={Domain decomposition methods in science and engineering},
  pages={433--440},
  year={2005},
  publisher={Springer}
}

@incollection{steiner2015convergence,
  title={Convergence of Parareal for the Navier-Stokes equations depending on the Reynolds number},
  author={Steiner, J. and Ruprecht, D. and Speck, R. and Krause, R.},
  booktitle={Numerical Mathematics and Advanced Applications-ENUMATH 2013},
  pages={195--202},
  year={2015},
  publisher={Springer}
}

@article{hernandez2014quelques,
  title={Quelques contributions vers la simulation parallele de la cin{\'e}tique neutronique et la prise en compte de donn{\'e}es observ{\'e}es en temps r{\'e}el},
  author={Hernandez, O. M.},
  journal={Universit{\'e} Pierre et Marie Curie},
  year={2014}
}

@incollection{gander2013parareal,
  title={Parareal Schwarz waveform relaxation methods},
  author={Gander, M. J. and Jiang, Y.-L. and Li, R.-J.},
  booktitle={Domain Decomposition Methods in Science and Engineering XX},
  pages={451--458},
  year={2013},
  publisher={Springer}
}


 @ARTICLE{AlBN18,
 AUTHOR     = "A. Allendes and G. R. Barrenechea and C. Naranjo",
 TITLE      = "A divergence-free low-order stabilized finite element method for a generalized steady state Boussinesq problem",
 JOURNAL    = "Computer Methods in Applied Mechanics and Engineering",
 VOLUME     = "340",
 PAGES      = "90-120",
 YEAR       = "2018"
 }
%-----------------------------------%
@INPROCEEDINGS{APFC17,
 AUTHOR     = "P.-E. Angeli and M.-A. Puscas and G. Fauchet and A. Cartalade", 
 TITLE      = "{FVCA8 benchmark for the Stokes and Navier-Stokes equations with the TrioCFD code}",
 BOOKTITLE	= "{Finite Volumes for Complex Applications VIII - Methods and Theoretical Aspects}",
 EDITOR     = "{C. Canc\`es and P. Omnes}",
 PUBLISHER  = "Springer Proceedings in Mathematics \& Statistics",
 VOLUME     = "199",
 PAGES      = "181--302",
 YEAR       = "2017"
 }
%------------------------------------%
 @TECHREPORT{ABCJ18,
  AUTHOR  = "P.-E. Angeli and U. Bieder and A. Cartalade and E. Jamelot and N. Leterrier and P. Omnes ans M.-A. Puscas",
  TITLE   = "{Plan de d\'eveloppement du code TrioCFD. Premi\`ere r\'evision. P\'eriode 2017-2020}",
 INSTITUTION="CEA",
 TYPE = "Note Technique CEA",
 NUMBER = "CEA/DEN/DANS/DM2S/STMF/LMSF/NT/16-014/B",
 YEAR   = "2016"
}
%------------------------------------%
@ARTICLE{ArBF84,
 AUTHOR  = "D. N. Arnold and F. Brezzi and M. Fortin", 
 TITLE   = "{A stable finite element for the Stokes equations}",
 JOURNAL = "Calcolo",
 VOLUME = "XXI",
 NUMBER="IV",
 YEAR    = "1984"
}
%------------------------------------%
@ARTICLE{BaSt06,
 AUTHOR  = "A. Baran and G. Stoyan", 
 TITLE   = "{Crouzeix-Velte Decompositions for Higher-Order Finite Elements}",
 JOURNAL = "CAMWA",
 VOLUME = "51",
 PAGES="967--986",
 YEAR    = "2006"
}
%------------------------------------%
@ARTICLE{BBCM13,
 AUTHOR  = "L. Beir\~ao da Veiga and F. Brezzi and A. Cangiani ans L. D. Marini and A. Russo",
 TITLE = "{Basic Principles of Virutal Element Methods}",
 JOURNAL = "{Mathematical Models and Methods in Applied Sciences}",
 VOLUME = "23",
 NUMBER = "1",
 PAGES = "199--214",
 YEAR    = "2013"
}
%------------------------------------%
@ARTICLE{BeRa85,
 AUTHOR  = "C. Bernardi and G. Raugel",
 TITLE = "{Analysis of some finite elements for the Stokes problem}",
 JOURNAL = "Math. Comp.",
 VOLUME = "44",
  NUMBER = "169", 
  PAGES = "71--79",
 YEAR    = "1985"
}
%------------------------------------%
@ARTICLE{BaVa10,
 TITLE   = "{Consistent local projection stabilized finite element methods}",
 JOURNAL = "SIAM Journal on Numerical Analysis",
 VOLUME  = "48",
 NUMBER  = "5",
 PAGES   = "1801--1825",
 AUTHOR  = "G. R. Barrenechea and F. Valentin",
 YEAR    = "2010"
}
%------------------------------------%
@ARTICLE{BeHe00,
 AUTHOR  = "C. Bernardi and F. Hecht",
 TITLE   = "{More pressure in the finite element discretization of the Stokes problem}",
 JOURNAL = "ESAIM: M2AN",
 YEAR    = "2000",
 VOLUME  = "34",
 NUMBER  = "5",
 PAGES   = "953--980"
}
%------------------------------------%
@BOOK{BoBF13,
 AUTHOR      = "D. Boffi and F. Brezzi and M. Fortin",
 TITLE       = "Mixed and hybrid finite element methods and applications",
 YEAR        = "2013",
 PUBLISHER   = "Springer-Verlag"
}
%------------------------------------%
@ARTICLE{BrDM85,
 AUTHOR      = "F. Brezzi and J. Douglas and L. D. Marini",
 TITLE       = "Two families of mixed finite elements for second order elliptic problems",
 JOURNAL = "Numerische Mathematik",
 YEAR    = "1985",
 VOLUME  = "47",
 NUMBER  = "2",
 PAGES   = "217--235"
}
%------------------------------------%
@BOOK{CDGH17,
AUTHOR="A. Cangiani and Z. Dong and E. H. Georgoulis and P. Houston",
TITLE="{$hp$-Version Discontinuous Gelerkin Methods on Polygonal and Polyhedral Meshes}",
PUBLISHER = "Springer",
YEAR      = "2017"
}
%------------------------------------%
@ARTICLE{CGRT18,
AUTHOR ="N. Chaabane and V. Girault and B. Rivière and T. Thompson", 
TITLE ="{A stable enriched Galerkin element for the Stokes problem}", 
JOURNAL ="Applied Numerical Mathematics", 
VOLUME ="132", 
PAGES ="1--21",
YEAR ="2018"
}
%------------------------------------%
@ARTICLE{ChWa19,
AUTHOR="L. Chen and F. Wang",
TITLE="A Divergence Free Weak Virtual Element Method for the
Stokes Problem on Polytopal Meshes",
JOURNAL ="Journal of Scientific Computing",
VOLUME = "78",
PAGES="864--886",
YEAR= "2019"
}
%------------------------------------%
@ARTICLE{Chor68,
 AUTHOR  = "A. J. Chorin",
 TITLE   = "{Numerical Solution of the Navier-Stokes Equations}",
 JOURNAL = "Math. Comp.",
 YEAR    = "1968",
 VOLUME  = "22",
 NUMBER  = "104",
 PAGES   = "745--762"
}
%------------------------------------%
@BOOK{Ciar02,
 AUTHOR    = "P. G. Ciarlet",
 TITLE     = "The finite element method for elliptic problems",
 PUBLISHER = "Springer-Verlag",
 YEAR      = "2002"
}
%------------------------------------%
@ARTICLE{CiDE18,
AUTHOR ="M. Cicuttin and D. A. Di Pietro and A. Ern", 
TITLE ="{Implementation of Discontinuous Skeletal methods on arbitrary-dimensional, polytopal meshes using generic programming}", 
JOURNAL ="J. Comput. Appl. Math.", 
VOLUME ="344", 
PAGES ="852--874",
YEAR ="2018"
}
%------------------------------------%
@ARTICLE{CrRa73,
 AUTHOR  = "M. Crouzeix and P.-A. Raviart",
 TITLE   = "{Conforming and nonconforming finite element methods for solving the stationary Stokes equations}",
 JOURNAL = "RAIRO, S\'er. Anal. Numer.",
 YEAR    = "1977",
 VOLUME  = "33"
}
%------------------------------------%
@BOOK{DaLi88,
 AUTHOR="R. Dautray and J.-L. Lions",
 TITLE="{Analyse math\'ematique et calcul num\'erique pour les sciences et les techniques}",
 PUBLISHER="Masson",
 ADDRESS="Paris",
 YEAR="1988"
}
%------------------------------------%
@INBOOK{DiEL16,
 AUTHOR  = "D. A. Di Pietro and A. Ern and S. Lemaire",
 TITLE="{A review of Hybrid High-Order methods: formulations, computational aspects, comparison with other methods}", 
 BOOKTILE ="{Building Bridges: Connections and Challenges in Modern Approaches to Numerical Partial Differential Equations}",
 PAGES="205--236", 
 PUBLISHER="Springer International Publishing",
 YEAR="2016"
}
%------------------------------------%
@BOOK{ElSW05,
 AUTHOR="H. Elman and D. Silvester and A. Wathen",
 TITLE="{Finite Elements and Fast Iterative Solvers with Applications in Incompressible Fluid Dynamics}",
 PUBLISHER="Oxford university Press",
 YEAR="2005"
}
%------------------------------------%
@PHDTHESIS{Emon92,
 AUTHOR="Ph. Emonot",
 TITLE ={M\'ethode de volumes \'el\'ements finis~: applications aux \'equations de Navier-Stokes et r\'esultats de convergence},
 SCHOOL={Universit\'e Claude Bernard -- Lyon I},
 YEAR  ="1992"
}
%------------------------------------%
@PHDTHESIS{Fort06,
 AUTHOR="T. Fortin",
 TITLE="{Une m\'ethode \'el\'ements finis \`a d\'ecomposition $L^2$ d'ordre \'elev\'e motiv\'ee par la simulation d'\'ecoulement diphasique bas Mach}",
 SCHOOL="Universit\'e Pierre et Marie Curie -- Paris VI",
 YEAR="2006"
}
%------------------------------------%
@Article{GLRW12,
  AUTHOR = "K. J. Galvin and A. Linke and L. G. Rebholz and N. E. Wilson",
  TITLE = "{Stabilizing poor mass conservation in incompressible flow problems with large irrotational forcing and application to thermal convection}",
  JOURNAL = "Comput. Methods Appl. Mech. Engrg",
  YEAR = "2012",
  VOLUME ="237/240",
  PAGES = "166--176"}
%------------------------------------%
@Article{GaLS19,
  AUTHOR = "N. Gauger and A. Linke and P. Schroeder",
  TITLE = "{On high-order pressure-robust space discretisations, their advantages for incompressible high Reynolds number generalised Beltrami flows and beyond}", 
 JOURNAL = "SIAM Journal of Computational Mathematics",
  YEAR = "2019",
}

%------------------------------------%
@TECHREPORT{Gers18,
  AUTHOR  = "A. Gerschenfeld",
  TITLE   = "{Sch\'ema num\'erique PolyMAC. Application à l'OCS TrioMC. Unification des \'echelles sous-canal et CFD}",
 INSTITUTION="CEA",
 TYPE = "Note Technique CEA",
 NUMBER = "CEA/DEN/DANS/DM2S/STMF/LMEC/NT/2018-64061/A",
 YEAR   = "2018"
}
%------------------------------------%
@BOOK{GiRa86,
 AUTHOR      = "V. Girault and P.-A. Raviart",
 TITLE       = "{Finite element methods for Navier-Stokes equations}",
 YEAR        = "1986",
 PUBLISHER   = "Springer-Verlag"
 }
%------------------------------------%
@ARTICLE{HaLa03,
 AUTHOR  = "P. Hansbo and M. G. Larson",
 TITLE   = "{Discontinuous Galerkin and the Crouzeix-Raviart element: application to elasticity}",
 JOURNAL = "Math. Model. Numer. Anal",
 VOLUME  = "37",
 NUMBER  = "1",
 PAGES   = "63--72",
 YEAR    = "2003"
}
%------------------------------------%
@ARTICLE{Hech81,
 AUTHOR  = "F. Hecht",
 TITLE   = "{Construction d'une base de fonctions $P_1$ non conforme \`a divergence nulle dans $\mathbb{R}^3$}",
 JOURNAL = "ESAIM: Mathematical Modelling and Numerical Analysis",
 VOLUME  = "15",
 NUMBER  = "2",
 PAGES   = "119--150",
 YEAR    = "81"
}
%------------------------------------%
@PHDTHESIS{Heib03,
 AUTHOR="S. Heib",
 TITLE="{Nouvelles discr\'etisations non structu\'ees pour des \'ecoulements de fluides \`a incompressibilit\'e renforc\'ee}",
 SCHOOL="Universit\'e Paris 6",
 YEAR="2003"
}
%------------------------------------%
@TECHREPORT{Jame18,
 AUTHOR = "E. Jamelot",
 TITLE  = "{A proposal to improve the stability of the $P_1^{NC} P_0$ scheme in the TrioCFD code}",
 INSTITUTION="CEA",
 YEAR = "2018",
 TYPE = "Note Technique CEA",
 NUMBER = "DEN/DANS/DM2S/STMF/NT/2018-62465/A"
}
%------------------------------------%
@TECHREPORT{Jame18b,
 AUTHOR = "E. Jamelot",
 TITLE  = "{M\'ethodes d'\'el\'ements finis de Galerkin discontinus pour r\'esoudre les \'equations de Navier-Stokes}",
 INSTITUTION="CEA",
 YEAR = "2018",
 TYPE = "Note Technique CEA",
 NUMBER = "DEN/DANS/DM2S/STMF/NT/2018-64097/A"
}
%------------------------------------%
@ARTICLE{LSYY19,
 AUTHOR  = "R. Li and Z. Sun and F. Yang and Z. Yang",
 TITLE   = "{A finite element method by patch reconstruction for the Stokes problem using mixed formulations}",
 JOURNAL = "Journal of Computational and Applied Mathematics",
 VOLUME  = "353",
 PAGES   = "1--20",
 YEAR    = "2014"
}
%------------------------------------%
@ARTICLE{Link14,
 AUTHOR  = "A. Linke",
 TITLE   = "{On the Role of the Helmholtz-Decomposition in Mixed Methods for Incompressible Flows and a New Variational Crime}",
 JOURNAL = "Comput. Methods Appl. Mech. Engrg.",
 VOLUME  = "268",
 NUMBER  = "1",
 PAGES   = "782--800",
 YEAR    = "2014"
}
%------------------------------------%
@ARTICLE{LiMW17,
AUTHOR  = "A. Linke and C. Merdon and W. Wollner",
 TITLE   = "{Optimal L2 velocity error estimate for a modified pressure-robust Crouzeix-Raviart Stokes element}", 
 JOURNAL = "IMA Journal of Numerical Analysis", 
 VOLUME = 37,
 NUMBER =1,
 PAGES  = "354--374",
 YEAR = "2017"
}
%------------------------------------%
@ARTICLE{JJLR13,
AUTHOR="E. W. Jenkins and V. John and A. Linke and L. G. Rebholz",
 TITLE = "{On the parameter choice in grad-div stabilization for the Stokes equations}",
 JOURNAL = "Advances in Computational Mathematics",
 VOLUME ="40",
 NUMBER ="2",
 PAGES  = "491-516",
 YEAR = "2013"
}
%------------------------------------%
@ARTICLE{JKMN17,
AUTHOR = "V. John and A. Linke and C. Merdon and M. Neilan and L. Rebholz",
 TITLE = "{On the divergence constraint in mixed finite element methods for incompressible flows}", 
 JOURNAL = "SIAM Review", 
 VOLUME = 59,
 NUMBER =3,
 PAGES  = "492--544",
 YEAR = "2017"
 }
%------------------------------------%
@INPROCEEDINGS{RaTh77,
 AUTHOR    = "P.-A. Raviart and J.-M. Thomas",
 TITLE     = "{A mixed finite element method for second order elliptic problems}", 
 BOOKTITLE = "Mathematical aspects of finite element methods",
 YEAR      = "1977",
 SERIES    = "{Lecture Notes in Mathematics}",
 VOLUME    = "606",
 PAGES     = "292-315",
 PUBLISHER = "Springer"
}
%------------------------------------%
@ARTICLE{Nede80,
 AUTHOR  = "J.-C. {N\'ed\'elec}",
 TITLE   = "{Mixed finite elements in $\R^3$}",
 JOURNAL = "Numer. Math.",
 YEAR    = "1980",
 VOLUME  = "35",
 PAGES   = "315-341"
}
%------------------------------------%
@PHDTHESIS{Thom77,
AUTHOR="J.-M. Thomas",
TITLE="{Sur l'analyse num\'erique des m\'ethodes d'\'el\'ements finis hybrides et mixtes}",
SCHOOL="Universit\'e Paris 6",
YEAR="1977"
}
%------------------------------------%
@ARTICLE{Tema68,
 AUTHOR  = "R. Temam",
 TITLE   = "{Une m\'ethode d'approximation de la solution des \'equations de Navier-Stokes}",
 JOURNAL = "S. M. F",
 YEAR    = "1968",
 VOLUME  = "96",
 PAGES   = "115--152"
}
@article{ling2016reynolds,
  title={Reynolds averaged turbulence modelling using deep neural networks with embedded invariance},
  author={J. Ling and A. Kurzawski and J. Templeton},
  journal={Journal of Fluid Mechanics},
  volume={807},
  pages={155--166},
  year={2016},
  publisher={Cambridge University Press}
}
