@misc{normISO,
	author = {ISO},
	title = "ISO 10007 : 2017 - Syst\`emes de management de la qualit\'e - Lignes directrices pour la gestion de la configuration",
	note = "\url{https://www.iso.org/fr/standard/70400.html}"
}
@misc{Salome,
	author = {DES-CEA},
	title = "Site Web du logiciel SALOME",
	note = "\url{https://www.salome-platform.org}"
}
@misc{Gmesh,
	author = {Gmesh},
	title = "Site Web du logiciel Gmesh",
	note = "\url{https://gmsh.info}"
}
@misc{Tuleap,
	author = {Tuleap},
	title = "Site Web de l'outil TULEAP",
	note = "\url{https://www.tuleap.org/l}"
}
